<?xml version="1.0" encoding="UTF-8"?>
<SOAP-ENV:Envelope xmlns:SOAP-ENV="http://schemas.xmlsoap.org/soap/envelope/" xmlns:ns1="http://oss.dbc.dk/ns/openformat" xmlns:os="http://oss.dbc.dk/ns/opensearch" xmlns:dc="http://purl.org/dc/elements/1.1/" xmlns:dkabm="http://biblstandard.dk/abm/namespace/dkabm/" xmlns:ISO639-2="http://lcweb.loc.gov/standards/iso639-2/" xmlns:dcmitype="http://purl.org/dc/dcmitype/" xmlns:dcterms="http://purl.org/dc/terms/" xmlns:ac="http://biblstandard.dk/ac/namespace/" xmlns:dkdcplus="http://biblstandard.dk/abm/namespace/dkdcplus/" xmlns:oss="http://oss.dbc.dk/ns/osstypes" xmlns:marcx="info:lc/xmlns/marcxchange-v1" xmlns:xsi="http://www.w3.org/2001/XMLSchema-instance">
  <SOAP-ENV:Body>
    <ns1:formatRequest>
      <ns1:originalData>
        <os:collection>
          <os:resultPosition>1</os:resultPosition>
          <os:numberOfObjects>1</os:numberOfObjects>
          <os:object>
            <dkabm:record>
              <ac:identifier>24143627|870970</ac:identifier>
              <ac:source>undefined</ac:source>
              <dc:title>The rough guide to the music of the Appalachians</dc:title>
              <dc:title xsi:type="dkdcplus:full">The rough guide to the music of the Appalachians : mountain music - bluegrass, old-time, folk &amp; gospel</dc:title>
              <dcterms:alternative>Appalachians</dcterms:alternative>
              <dc:subject xsi:type="dkdcplus:DK5">78.7863</dc:subject>
              <dc:subject xsi:type="dkdcplus:DK5-Text">Folkemusik. USA</dc:subject>
              <dc:subject xsi:type="dkdcplus:DBCM">bluegrass</dc:subject>
              <dc:subject xsi:type="dkdcplus:DBCM">country</dc:subject>
              <dc:subject xsi:type="dkdcplus:genre">country</dc:subject>
              <dc:subject xsi:type="dkdcplus:DBCM">folk</dc:subject>
              <dc:subject xsi:type="dkdcplus:genre">folk</dc:subject>
              <dc:subject xsi:type="dkdcplus:DBCM">folkemusik</dc:subject>
              <dc:subject xsi:type="dkdcplus:genre">folkemusik</dc:subject>
              <dc:subject xsi:type="dkdcplus:DBCM">instrumental</dc:subject>
              <dc:subject xsi:type="dkdcplus:DBCM">old time</dc:subject>
              <dc:subject xsi:type="dkdcplus:DBCM">vokal</dc:subject>
              <dcterms:audience>voksenmaterialer</dcterms:audience>
              <dc:publisher>World Music Network</dc:publisher>
              <dc:contributor>Dan Rosenberg</dc:contributor>
              <dc:contributor>Nancy Blake</dc:contributor>
              <dc:contributor>Claire Lynch</dc:contributor>
              <dc:contributor>Rhonda Vincent</dc:contributor>
              <dc:contributor>Tom Adams</dc:contributor>
              <dc:contributor>Peter Rowan</dc:contributor>
              <dc:contributor>Del McCoury</dc:contributor>
              <dc:contributor>Tony Rice Tony Rice Unit</dc:contributor>
              <dc:contributor>Larry Sparks</dc:contributor>
              <dc:contributor>Ginny Hawker</dc:contributor>
              <dc:contributor>Ralph Stanley</dc:contributor>
              <dc:contributor>Rafe Stefanini</dc:contributor>
              <dc:contributor>Jeremy Stephens</dc:contributor>
              <dc:contributor>Joe Thompson</dc:contributor>
              <dc:contributor>Norman Blake</dc:contributor>
              <dc:contributor>Dock Boggs</dc:contributor>
              <dc:contributor>Karl Shiflett</dc:contributor>
              <dc:contributor>The Clinch Mountain Boys</dc:contributor>
              <dc:contributor>Laurel Canyon Ramblers</dc:contributor>
              <dc:contributor>The Cox Family</dc:contributor>
              <dc:contributor>Blue Highway</dc:contributor>
              <dc:contributor>Bluegrass Album Band</dc:contributor>
              <dc:date>2002</dc:date>
              <dc:type xsi:type="dkdcplus:BibDK-Type">Cd (musik)</dc:type>
              <dc:format>1 cd</dc:format>
              <dc:identifier>World Music Network RGNET 1104 CD</dc:identifier>
              <dc:language xsi:type="dcterms:ISO639-2">eng</dc:language>
              <dc:language>Engelsk</dc:language>
              <dcterms:hasPart xsi:type="dkdcplus:track">God spoke his name</dcterms:hasPart>
              <dcterms:hasPart xsi:type="dkdcplus:track">Happy I'll be</dcterms:hasPart>
              <dcterms:hasPart xsi:type="dkdcplus:track">My sweet love ain't around</dcterms:hasPart>
              <dcterms:hasPart xsi:type="dkdcplus:track">Box elder beetles</dcterms:hasPart>
              <dcterms:hasPart xsi:type="dkdcplus:track">Wild geese cry again</dcterms:hasPart>
              <dcterms:hasPart xsi:type="dkdcplus:track">How long blues</dcterms:hasPart>
              <dcterms:hasPart xsi:type="dkdcplus:track">Another lonesome morning</dcterms:hasPart>
              <dcterms:hasPart xsi:type="dkdcplus:track">Jerusalem Ridge</dcterms:hasPart>
              <dcterms:hasPart xsi:type="dkdcplus:track">Still climbing mountains</dcterms:hasPart>
              <dcterms:hasPart xsi:type="dkdcplus:track">The old church yard</dcterms:hasPart>
              <dcterms:hasPart xsi:type="dkdcplus:track">My warfare will soon be over</dcterms:hasPart>
              <dcterms:hasPart xsi:type="dkdcplus:track">Two coats</dcterms:hasPart>
              <dcterms:hasPart xsi:type="dkdcplus:track">I've got no honey baby now</dcterms:hasPart>
              <dcterms:hasPart xsi:type="dkdcplus:track">River of death</dcterms:hasPart>
              <dcterms:hasPart xsi:type="dkdcplus:track">Hard times</dcterms:hasPart>
              <dcterms:hasPart xsi:type="dkdcplus:track">Old corn liquor</dcterms:hasPart>
              <dcterms:hasPart xsi:type="dkdcplus:track">Hello stranger</dcterms:hasPart>
              <dcterms:hasPart xsi:type="dkdcplus:track">Wise county jail</dcterms:hasPart>
              <dcterms:hasPart xsi:type="dkdcplus:track">The trail of the ancients</dcterms:hasPart>
              <dcterms:spatial xsi:type="dkdcplus:DBCM">USA</dcterms:spatial>
              <dcterms:spatial xsi:type="dkdcplus:DBCM">Appalacherne</dcterms:spatial>
              <dcterms:temporal xsi:type="dkdcplus:DBCM">1990-1999</dcterms:temporal>
              <dcterms:temporal xsi:type="dkdcplus:DBCM">2000-2009</dcterms:temporal>
            </dkabm:record>
            <marcx:collection>
              <marcx:record format="danMARC2" type="Bibliographic">
                <marcx:leader>000000000000000000000000</marcx:leader>
                <marcx:datafield tag="001" ind1="0" ind2="0">
                  <marcx:subfield code="a">24143627</marcx:subfield>
                  <marcx:subfield code="b">870970</marcx:subfield>
                  <marcx:subfield code="c">20050824034812</marcx:subfield>
                  <marcx:subfield code="d">20020625</marcx:subfield>
                  <marcx:subfield code="f">a</marcx:subfield>
                  <marcx:subfield code="t">FAUST</marcx:subfield>
                </marcx:datafield>
                <marcx:datafield tag="004" ind1="0" ind2="0">
                  <marcx:subfield code="r">n</marcx:subfield>
                  <marcx:subfield code="a">e</marcx:subfield>
                </marcx:datafield>
                <marcx:datafield tag="005" ind1="0" ind2="0">
                  <marcx:subfield code="h">e</marcx:subfield>
                </marcx:datafield>
                <marcx:datafield tag="008" ind1="0" ind2="0">
                  <marcx:subfield code="t">s</marcx:subfield>
                  <marcx:subfield code="u">f</marcx:subfield>
                  <marcx:subfield code="a">2002</marcx:subfield>
                  <marcx:subfield code="b">xx</marcx:subfield>
                  <marcx:subfield code="l">eng</marcx:subfield>
                  <marcx:subfield code="v">0</marcx:subfield>
                </marcx:datafield>
                <marcx:datafield tag="009" ind1="0" ind2="0">
                  <marcx:subfield code="a">s</marcx:subfield>
                  <marcx:subfield code="g">xc</marcx:subfield>
                </marcx:datafield>
                <marcx:datafield tag="021" ind1="0" ind2="0">
                  <marcx:subfield code="d">kr. 159,00</marcx:subfield>
                </marcx:datafield>
                <marcx:datafield tag="023" ind1="0" ind2="0">
                  <marcx:subfield code="a">0605633110425</marcx:subfield>
                </marcx:datafield>
                <marcx:datafield tag="032" ind1="0" ind2="0">
                  <marcx:subfield code="x">SFG200229</marcx:subfield>
                  <marcx:subfield code="x">DAT990535</marcx:subfield>
                </marcx:datafield>
                <marcx:datafield tag="039" ind1="0" ind2="0">
                  <marcx:subfield code="a">fol</marcx:subfield>
                  <marcx:subfield code="b">us</marcx:subfield>
                </marcx:datafield>
                <marcx:datafield tag="245" ind1="0" ind2="0">
                  <marcx:subfield code="a">The ¤rough guide to the music of the Appalachians</marcx:subfield>
                  <marcx:subfield code="c">mountain music - bluegrass, old-time, folk &amp; gospel</marcx:subfield>
                  <marcx:subfield code="e">compiled by Dan Rosenberg</marcx:subfield>
                </marcx:datafield>
                <marcx:datafield tag="260" ind1="0" ind2="0">
                  <marcx:subfield code="a">London</marcx:subfield>
                  <marcx:subfield code="b">World Music Network</marcx:subfield>
                  <marcx:subfield code="c">p 2002</marcx:subfield>
                </marcx:datafield>
                <marcx:datafield tag="300" ind1="0" ind2="0">
                  <marcx:subfield code="n">1 cd</marcx:subfield>
                </marcx:datafield>
                <marcx:datafield tag="512" ind1="0" ind2="0">
                  <marcx:subfield code="i">På cd'en</marcx:subfield>
                  <marcx:subfield code="t">Appalachians</marcx:subfield>
                </marcx:datafield>
                <marcx:datafield tag="531" ind1="0" ind2="0">
                  <marcx:subfield code="a">Indhold:</marcx:subfield>
                </marcx:datafield>
                <marcx:datafield tag="538" ind1="0" ind2="0">
                  <marcx:subfield code="f">World Music Network</marcx:subfield>
                  <marcx:subfield code="g">RGNET 1104 CD</marcx:subfield>
                </marcx:datafield>
                <marcx:datafield tag="652" ind1="0" ind2="0">
                  <marcx:subfield code="m">78.7863</marcx:subfield>
                </marcx:datafield>
                <marcx:datafield tag="666" ind1="0" ind2="0">
                  <marcx:subfield code="m">bluegrass</marcx:subfield>
                  <marcx:subfield code="m">country</marcx:subfield>
                  <marcx:subfield code="m">old time</marcx:subfield>
                  <marcx:subfield code="m">folkemusik</marcx:subfield>
                  <marcx:subfield code="m">folk</marcx:subfield>
                  <marcx:subfield code="n">vokal</marcx:subfield>
                  <marcx:subfield code="n">instrumental</marcx:subfield>
                  <marcx:subfield code="p">1990-1999</marcx:subfield>
                  <marcx:subfield code="p">2000-2009</marcx:subfield>
                  <marcx:subfield code="l">USA</marcx:subfield>
                  <marcx:subfield code="l">Appalacherne</marcx:subfield>
                </marcx:datafield>
                <marcx:datafield tag="700" ind1="0" ind2="0">
                  <marcx:subfield code="0"/>
                  <marcx:subfield code="a">Rosenberg</marcx:subfield>
                  <marcx:subfield code="h">Dan</marcx:subfield>
                </marcx:datafield>
                <marcx:datafield tag="700" ind1="0" ind2="0">
                  <marcx:subfield code="0"/>
                  <marcx:subfield code="a">Blake</marcx:subfield>
                  <marcx:subfield code="h">Nancy</marcx:subfield>
                </marcx:datafield>
                <marcx:datafield tag="710" ind1="0" ind2="0">
                  <marcx:subfield code="0"/>
                  <marcx:subfield code="a">The ¤Clinch Mountain Boys</marcx:subfield>
                </marcx:datafield>
                <marcx:datafield tag="770" ind1="0" ind2="0">
                  <marcx:subfield code="å">11</marcx:subfield>
                  <marcx:subfield code="0"/>
                  <marcx:subfield code="a">Lynch</marcx:subfield>
                  <marcx:subfield code="h">Claire</marcx:subfield>
                </marcx:datafield>
                <marcx:datafield tag="770" ind1="0" ind2="0">
                  <marcx:subfield code="å">13</marcx:subfield>
                  <marcx:subfield code="0"/>
                  <marcx:subfield code="a">Vincent</marcx:subfield>
                  <marcx:subfield code="h">Rhonda</marcx:subfield>
                </marcx:datafield>
                <marcx:datafield tag="770" ind1="0" ind2="0">
                  <marcx:subfield code="å">14</marcx:subfield>
                  <marcx:subfield code="0"/>
                  <marcx:subfield code="a">Adams</marcx:subfield>
                  <marcx:subfield code="h">Tom</marcx:subfield>
                </marcx:datafield>
                <marcx:datafield tag="770" ind1="0" ind2="0">
                  <marcx:subfield code="å">15</marcx:subfield>
                  <marcx:subfield code="0"/>
                  <marcx:subfield code="a">Rowan</marcx:subfield>
                  <marcx:subfield code="h">Peter</marcx:subfield>
                </marcx:datafield>
                <marcx:datafield tag="770" ind1="0" ind2="0">
                  <marcx:subfield code="å">16</marcx:subfield>
                  <marcx:subfield code="0"/>
                  <marcx:subfield code="A">maccoury</marcx:subfield>
                  <marcx:subfield code="a">McCoury</marcx:subfield>
                  <marcx:subfield code="h">Del</marcx:subfield>
                </marcx:datafield>
                <marcx:datafield tag="770" ind1="0" ind2="0">
                  <marcx:subfield code="å">18</marcx:subfield>
                  <marcx:subfield code="0"/>
                  <marcx:subfield code="a">Rice</marcx:subfield>
                  <marcx:subfield code="h">Tony</marcx:subfield>
                  <marcx:subfield code="e">Tony Rice Unit</marcx:subfield>
                </marcx:datafield>
                <marcx:datafield tag="770" ind1="0" ind2="0">
                  <marcx:subfield code="å">20</marcx:subfield>
                  <marcx:subfield code="0"/>
                  <marcx:subfield code="a">Sparks</marcx:subfield>
                  <marcx:subfield code="h">Larry</marcx:subfield>
                </marcx:datafield>
                <marcx:datafield tag="770" ind1="0" ind2="0">
                  <marcx:subfield code="å">21</marcx:subfield>
                  <marcx:subfield code="0"/>
                  <marcx:subfield code="a">Hawker</marcx:subfield>
                  <marcx:subfield code="h">Ginny</marcx:subfield>
                </marcx:datafield>
                <marcx:datafield tag="770" ind1="0" ind2="0">
                  <marcx:subfield code="å">22</marcx:subfield>
                  <marcx:subfield code="0"/>
                  <marcx:subfield code="a">Stanley</marcx:subfield>
                  <marcx:subfield code="h">Ralph</marcx:subfield>
                </marcx:datafield>
                <marcx:datafield tag="770" ind1="0" ind2="0">
                  <marcx:subfield code="å">23</marcx:subfield>
                  <marcx:subfield code="0"/>
                  <marcx:subfield code="a">Stefanini</marcx:subfield>
                  <marcx:subfield code="h">Rafe</marcx:subfield>
                </marcx:datafield>
                <marcx:datafield tag="770" ind1="0" ind2="0">
                  <marcx:subfield code="å">25</marcx:subfield>
                  <marcx:subfield code="0"/>
                  <marcx:subfield code="a">Stephens</marcx:subfield>
                  <marcx:subfield code="h">Jeremy</marcx:subfield>
                </marcx:datafield>
                <marcx:datafield tag="770" ind1="0" ind2="0">
                  <marcx:subfield code="å">26</marcx:subfield>
                  <marcx:subfield code="0"/>
                  <marcx:subfield code="a">Thompson</marcx:subfield>
                  <marcx:subfield code="h">Joe</marcx:subfield>
                </marcx:datafield>
                <marcx:datafield tag="770" ind1="0" ind2="0">
                  <marcx:subfield code="å">27</marcx:subfield>
                  <marcx:subfield code="0"/>
                  <marcx:subfield code="a">Blake</marcx:subfield>
                  <marcx:subfield code="h">Norman</marcx:subfield>
                </marcx:datafield>
                <marcx:datafield tag="770" ind1="0" ind2="0">
                  <marcx:subfield code="å">28</marcx:subfield>
                  <marcx:subfield code="0"/>
                  <marcx:subfield code="a">Boggs</marcx:subfield>
                  <marcx:subfield code="h">Dock</marcx:subfield>
                </marcx:datafield>
                <marcx:datafield tag="770" ind1="0" ind2="0">
                  <marcx:subfield code="å">29</marcx:subfield>
                  <marcx:subfield code="0"/>
                  <marcx:subfield code="a">Shiflett</marcx:subfield>
                  <marcx:subfield code="h">Karl</marcx:subfield>
                </marcx:datafield>
                <marcx:datafield tag="780" ind1="0" ind2="0">
                  <marcx:subfield code="å">12</marcx:subfield>
                  <marcx:subfield code="0"/>
                  <marcx:subfield code="a">Laurel Canyon Ramblers</marcx:subfield>
                </marcx:datafield>
                <marcx:datafield tag="780" ind1="0" ind2="0">
                  <marcx:subfield code="å">17</marcx:subfield>
                  <marcx:subfield code="0"/>
                  <marcx:subfield code="a">The ¤Cox Family</marcx:subfield>
                </marcx:datafield>
                <marcx:datafield tag="780" ind1="0" ind2="0">
                  <marcx:subfield code="å">19</marcx:subfield>
                  <marcx:subfield code="0"/>
                  <marcx:subfield code="a">Blue Highway</marcx:subfield>
                </marcx:datafield>
                <marcx:datafield tag="780" ind1="0" ind2="0">
                  <marcx:subfield code="å">24</marcx:subfield>
                  <marcx:subfield code="0"/>
                  <marcx:subfield code="a">Bluegrass Album Band</marcx:subfield>
                </marcx:datafield>
                <marcx:datafield tag="795" ind1="0" ind2="0">
                  <marcx:subfield code="å">11</marcx:subfield>
                  <marcx:subfield code="0"/>
                  <marcx:subfield code="a">God spoke his name</marcx:subfield>
                </marcx:datafield>
                <marcx:datafield tag="795" ind1="0" ind2="0">
                  <marcx:subfield code="å">12</marcx:subfield>
                  <marcx:subfield code="0"/>
                  <marcx:subfield code="a">Happy I'll be</marcx:subfield>
                </marcx:datafield>
                <marcx:datafield tag="795" ind1="0" ind2="0">
                  <marcx:subfield code="å">13</marcx:subfield>
                  <marcx:subfield code="0"/>
                  <marcx:subfield code="a">My sweet love ain't around</marcx:subfield>
                </marcx:datafield>
                <marcx:datafield tag="795" ind1="0" ind2="0">
                  <marcx:subfield code="å">14</marcx:subfield>
                  <marcx:subfield code="0"/>
                  <marcx:subfield code="a">Box elder beetles</marcx:subfield>
                </marcx:datafield>
                <marcx:datafield tag="795" ind1="0" ind2="0">
                  <marcx:subfield code="å">15</marcx:subfield>
                  <marcx:subfield code="0"/>
                  <marcx:subfield code="a">Wild geese cry again</marcx:subfield>
                </marcx:datafield>
                <marcx:datafield tag="795" ind1="0" ind2="0">
                  <marcx:subfield code="å">16</marcx:subfield>
                  <marcx:subfield code="0"/>
                  <marcx:subfield code="a">How long blues</marcx:subfield>
                </marcx:datafield>
                <marcx:datafield tag="795" ind1="0" ind2="0">
                  <marcx:subfield code="å">17</marcx:subfield>
                  <marcx:subfield code="0"/>
                  <marcx:subfield code="a">Another lonesome morning</marcx:subfield>
                </marcx:datafield>
                <marcx:datafield tag="795" ind1="0" ind2="0">
                  <marcx:subfield code="å">18</marcx:subfield>
                  <marcx:subfield code="0"/>
                  <marcx:subfield code="a">Jerusalem Ridge</marcx:subfield>
                </marcx:datafield>
                <marcx:datafield tag="795" ind1="0" ind2="0">
                  <marcx:subfield code="å">19</marcx:subfield>
                  <marcx:subfield code="0"/>
                  <marcx:subfield code="a">Still climbing mountains</marcx:subfield>
                </marcx:datafield>
                <marcx:datafield tag="795" ind1="0" ind2="0">
                  <marcx:subfield code="å">20</marcx:subfield>
                  <marcx:subfield code="0"/>
                  <marcx:subfield code="a">The ¤old church yard</marcx:subfield>
                </marcx:datafield>
                <marcx:datafield tag="795" ind1="0" ind2="0">
                  <marcx:subfield code="å">21</marcx:subfield>
                  <marcx:subfield code="0"/>
                  <marcx:subfield code="a">My warfare will soon be over</marcx:subfield>
                </marcx:datafield>
                <marcx:datafield tag="795" ind1="0" ind2="0">
                  <marcx:subfield code="å">22</marcx:subfield>
                  <marcx:subfield code="0"/>
                  <marcx:subfield code="a">Two coats</marcx:subfield>
                  <marcx:subfield code="e">Ralph Stanley &amp; the Clinch Mountain Boys</marcx:subfield>
                </marcx:datafield>
                <marcx:datafield tag="795" ind1="0" ind2="0">
                  <marcx:subfield code="å">23</marcx:subfield>
                  <marcx:subfield code="0"/>
                  <marcx:subfield code="a">I've got no honey baby now</marcx:subfield>
                </marcx:datafield>
                <marcx:datafield tag="795" ind1="0" ind2="0">
                  <marcx:subfield code="å">24</marcx:subfield>
                  <marcx:subfield code="0"/>
                  <marcx:subfield code="a">River of death</marcx:subfield>
                </marcx:datafield>
                <marcx:datafield tag="795" ind1="0" ind2="0">
                  <marcx:subfield code="å">25</marcx:subfield>
                  <marcx:subfield code="0"/>
                  <marcx:subfield code="a">Hard times</marcx:subfield>
                </marcx:datafield>
                <marcx:datafield tag="795" ind1="0" ind2="0">
                  <marcx:subfield code="å">26</marcx:subfield>
                  <marcx:subfield code="0"/>
                  <marcx:subfield code="a">Old corn liquor</marcx:subfield>
                </marcx:datafield>
                <marcx:datafield tag="795" ind1="0" ind2="0">
                  <marcx:subfield code="å">27</marcx:subfield>
                  <marcx:subfield code="0"/>
                  <marcx:subfield code="a">Hello stranger</marcx:subfield>
                  <marcx:subfield code="e">Norman &amp; Nancy Blake</marcx:subfield>
                </marcx:datafield>
                <marcx:datafield tag="795" ind1="0" ind2="0">
                  <marcx:subfield code="å">28</marcx:subfield>
                  <marcx:subfield code="0"/>
                  <marcx:subfield code="a">Wise county jail</marcx:subfield>
                </marcx:datafield>
                <marcx:datafield tag="795" ind1="0" ind2="0">
                  <marcx:subfield code="å">29</marcx:subfield>
                  <marcx:subfield code="0"/>
                  <marcx:subfield code="a">The ¤trail of the ancients</marcx:subfield>
                  <marcx:subfield code="e">Karl Shiflett &amp; Big Country Show</marcx:subfield>
                </marcx:datafield>
                <marcx:datafield tag="795" ind1="0" ind2="0">
                  <marcx:subfield code="å">99</marcx:subfield>
                  <marcx:subfield code="0"/>
                  <marcx:subfield code="y">0</marcx:subfield>
                  <marcx:subfield code="a">2 coats</marcx:subfield>
                </marcx:datafield>
                <marcx:datafield tag="s10" ind1="0" ind2="0">
                  <marcx:subfield code="a">DBC</marcx:subfield>
                </marcx:datafield>
                <marcx:datafield tag="990" ind1="0" ind2="0">
                  <marcx:subfield code="a">SFG</marcx:subfield>
                  <marcx:subfield code="o">200229</marcx:subfield>
                  <marcx:subfield code="c">C</marcx:subfield>
                </marcx:datafield>
              </marcx:record>
            </marcx:collection>
            <os:identifier>1</os:identifier>
            <os:formatsAvailable>
              <os:format>dkabm</os:format>
            </os:formatsAvailable>
          </os:object>
        </os:collection>
      </ns1:originalData>
      <ns1:outputFormat>bibliotekdkFullDisplay</ns1:outputFormat>
    </ns1:formatRequest>
  </SOAP-ENV:Body>
</SOAP-ENV:Envelope>
